@article{CDE24,
  title	       = {Syzygies of the Residue Field over {{Golod}} Rings},
  author       = {Cuong, Doan Trung and Dao, Hailong and Eisenbud,
                  David and Kobayashi, Toshinori and Polini, Claudia
                  and Ulrich, Bernd},
  year	       = {2024},
  eprint       = {2408.13425},
  archiveprefix= {arXiv},
}

@article{Hara15,
  author       = {Hara, Nobuo},
  title	       = {Looking out for {F}robenius summands on a blown-up surface of {$\mathbb P^2$}},
  journal      = {Illinois J. Math.},
  fjournal     = {Illinois Journal of Mathematics},
  volume       = {59},
  year	       = {2015},
  number       = {1},
  pages	       = {115--142},
  issn	       = {0019-2082,1945-6581},
}

@article {Thomsen00,
  AUTHOR       = {Thomsen, Jesper Funch},
  TITLE	       = {Frobenius direct images of line bundles on toric varieties},
  JOURNAL      = {J. Algebra},
  FJOURNAL     = {Journal of Algebra},
  VOLUME       = {226},
  YEAR	       = {2000},
  NUMBER       = {2},
  PAGES	       = {865--874},
  ISSN	       = {0021-8693,1090-266X},
  MRCLASS      = {14M25 (13A35 14C20)},
  MRNUMBER     = {1752764},
  MRREVIEWER   = {Alicia\ Dickenstein},
  DOI	       = {10.1006/jabr.1999.8184},
  URL	       = {https://doi.org/10.1006/jabr.1999.8184},
}

@article{Bogvad98,
  AUTHOR       = {B{\o}gvad, Rikard},
  TITLE	       = {Splitting of the direct image of sheaves under the {F}robenius},
  JOURNAL      = {Proc. Amer. Math. Soc.},
  FJOURNAL     = {Proceedings of the American Mathematical Society},
  VOLUME       = {126},
  YEAR	       = {1998},
  NUMBER       = {12},
  PAGES	       = {3447--3454},
  ISSN	       = {0002-9939,1088-6826},
  MRCLASS      = {14M25 (13A35 14J60)},
  MRNUMBER     = {1622797},
  MRREVIEWER   = {Jesper\ F.\ Thomsen},
  DOI	       = {10.1090/S0002-9939-98-05000-X},
  URL	       = {https://doi.org/10.1090/S0002-9939-98-05000-X},
}

@inbook{Holt98,
  place	       = {Cambridge},
  series       = {London Mathematical Society Lecture Note Series},
  title	       = {The Meataxe as a tool in computational group theory},
  booktitle    = {The Atlas of Finite Groups - Ten Years On},
  publisher    = {Cambridge University Press},
  author       = {Holt, D. F.},
  inveditor    = {Curtis, R. T. and Wilson, R. A.Editors},
  year	       = {1998},
  pages	       = {74â€“81},
  collection   = {London Mathematical Society Lecture Note Series}
}

@article {HR94,
  AUTHOR       = {Holt, Derek F. and Rees, Sarah},
  TITLE	       = {Testing modules for irreducibility},
  JOURNAL      = {J. Austral. Math. Soc. Ser. A},
  FJOURNAL     = {Australian Mathematical Society. Journal. Series A. Pure Mathematics and Statistics},
  VOLUME       = {57},
  YEAR	       = {1994},
  NUMBER       = {1},
  PAGES	       = {1--16},
  ISSN	       = {0263-6115},
  MRCLASS      = {20C40},
  MRNUMBER     = {1279282},
  MRREVIEWER   = {Herbert\ Pahlings},
}

@incollection{Parker84,
  AUTHOR       = {Parker, R. A.},
  TITLE	       = {The computer calculation of modular characters (the meat-axe)},
  BOOKTITLE    = {Computational group theory ({D}urham, 1982)},
  PAGES	       = {267--274},
  PUBLISHER    = {Academic Press, London},
  YEAR	       = {1984},
  ISBN	       = {0-12-066270-1},
  MRCLASS      = {20C20 (20-04)},
  MRNUMBER     = {760660},
  MRREVIEWER   = {Leo\ J.\ Alex},
}

@manual{GAP,
  key	       = "GAP",
  organization = "The GAP~Group",
  title	       = "{GAP -- Groups, Algorithms, and Programming}",
  url	       = "\url{https://www.gap-system.org}",
}
    
@article{MAGMA,
  AUTHOR       = {Bosma, Wieb and Cannon, John and Playoust, Catherine},
  TITLE	       = {The {M}agma algebra system. {I}. {T}he user language},
  NOTE	       = {Computational algebra and number theory (London, 1993)},
  JOURNAL      = {J. Symbolic Comput.},
  FJOURNAL     = {Journal of Symbolic Computation},
  VOLUME       = {24},
  YEAR	       = {1997},
  NUMBER       = {3-4},
  PAGES	       = {235--265},
  ISSN	       = {0747-7171},
  MRCLASS      = {68Q40},
  MRNUMBER     = {MR1484478},
  DOI	       = {10.1006/jsco.1996.0125},
  URL	       = {http://dx.doi.org/10.1006/jsco.1996.0125},
}

@misc{M2,
  title = {Macaulay2, a Software System for Research in Algebraic Geometry},
  author = {Grayson, Daniel R. and Stillman, Michael E.},
  year = {1993},
  publisher = {M2}
}

@article {HK00,
    AUTHOR = {Hu, Yi and Keel, Sean},
     TITLE = {Mori dream spaces and {GIT}},
      NOTE = {Dedicated to William Fulton on the occasion of his 60th birthday},
   JOURNAL = {Michigan Math. J.},
  FJOURNAL = {Michigan Mathematical Journal},
    VOLUME = {48},
      YEAR = {2000},
     PAGES = {331--348},
      ISSN = {0026-2285,1945-2365},
   MRCLASS = {14L24 (14E30)},
  MRNUMBER = {1786494},
MRREVIEWER = {P.\ E.\ Newstead},
       DOI = {10.1307/mmj/1030132722},
       URL = {https://doi.org/10.1307/mmj/1030132722},
}

@book {Hartshorne1970,
    AUTHOR = {Hartshorne, Robin},
     TITLE = {Ample subvarieties of algebraic varieties},
    SERIES = {Lecture Notes in Mathematics},
    VOLUME = {Vol. 156},
      NOTE = {Notes written in collaboration with C. Musili},
 PUBLISHER = {Springer-Verlag, Berlin-New York},
      YEAR = {1970},
     PAGES = {xiv+256},
   MRCLASS = {14.05},
  MRNUMBER = {282977},
MRREVIEWER = {M.\ Miyanishi},
}

@article {Achinger15,
    AUTHOR = {Achinger, Piotr},
     TITLE = {A characterization of toric varieties in characteristic {$p$}},
   JOURNAL = {Int. Math. Res. Not. IMRN},
  FJOURNAL = {International Mathematics Research Notices. IMRN},
      YEAR = {2015},
    NUMBER = {16},
     PAGES = {6879--6892},
      ISSN = {1073-7928,1687-0247},
   MRCLASS = {14M25 (13A35 13C20)},
  MRNUMBER = {3428948},
MRREVIEWER = {Ma\l gorzata\ Aneta\ Marciniak},
       DOI = {10.1093/imrn/rnu151},
       URL = {https://doi.org/10.1093/imrn/rnu151},
}

@article {RSVdB22,
    AUTHOR = {Raedschelders, Theo and {\v{S}}penko, \v{S}pela and Van den Bergh, Michel},
     TITLE = {The {F}robenius morphism in invariant theory {II}},
   JOURNAL = {Adv. Math.},
  FJOURNAL = {Advances in Mathematics},
    VOLUME = {410},
      YEAR = {2022},
     PAGES = {Paper No. 108587, 64},
      ISSN = {0001-8708,1090-2082},
   MRCLASS = {14G17 (13A35 13A50 14M15 32S45)},
  MRNUMBER = {4498202},
MRREVIEWER = {Geoffrey\ D.\ Dietz},
       DOI = {10.1016/j.aim.2022.108587},
       URL = {https://doi.org/10.1016/j.aim.2022.108587},
}

@Article{Atiyah57,
  Author       = {Atiyah, Michael F.},
  Title	       = {Complex analytic connections in fibre bundles},
  FJournal     = {Transactions of the American Mathematical Society},
  Journal      = {Trans. Am. Math. Soc.},
  ISSN	       = {0002-9947},
  Volume       = {85},
  Pages	       = {181--207},
  Year	       = {1957},
  Language     = {English},
  DOI	       = {10.2307/1992969},
  zbMATH       = {3128044},
  Zbl	       = {0078.16002}
}

@article {DE23,
    AUTHOR = {Dao, Hailong and Eisenbud, David},
     TITLE = {Burch index, summands of syzygies and linearity in resolutions},
   JOURNAL = {Bull. Iranian Math. Soc.},
  FJOURNAL = {Bulletin of the Iranian Mathematical Society},
    VOLUME = {49},
      YEAR = {2023},
    NUMBER = {2},
     PAGES = {Paper No. 10, 10},
      ISSN = {1017-060X,1735-8515},
   MRCLASS = {13D02 (13H10 14B99)},
  MRNUMBER = {4549775},
MRREVIEWER = {Hossein\ Sabzrou},
       DOI = {10.1007/s41980-023-00755-x},
       URL = {https://doi.org/10.1007/s41980-023-00755-x},
}

@article {HS24,
    AUTHOR = {Hashimoto, Mitsuyasu and Singh, Anurag K.},
     TITLE = {Frobenius representation type for invariant rings of finite groups},
   JOURNAL = {Adv. Math.},
  FJOURNAL = {Advances in Mathematics},
    VOLUME = {458},
      YEAR = {2024},
     PAGES = {Paper No. 109978},
      ISSN = {0001-8708,1090-2082},
   MRCLASS = {13A50 (13A35 20)},
  MRNUMBER = {4813521},
       DOI = {10.1016/j.aim.2024.109978},
       URL = {https://doi.org/10.1016/j.aim.2024.109978},
}

@article{DX22,
  title	       = {Generalized Persistence Algorithm for Decomposing Multiparameter Persistence Modules},
  author       = {Dey, Tamal K. and Xin, Cheng},
  year	       = {2022},
  journal      = {Journal of Applied and Computational Topology},
  volume       = {6},
  number       = {3},
  pages	       = {271--322},
  issn	       = {2367-1726,2367-1734},
  doi	       = {10.1007/s41468-022-00087-5},
}

@incollection{BL23,
  title	       = {An Introduction to Multiparameter Persistence},
  booktitle    = {Representations of Algebras and Related Structures},
  author       = {Botnan, Magnus Bakke and Lesnick, Michael},
  year	       = {2023},
  series       = {{{EMS Ser}}. {{Congr}}. {{Rep}}.},
  pages	       = {77--150},
  publisher    = {EMS Press, Berlin},
  isbn	       = {978-3-9854705-4-9},
}

@book {Friedman98,
    AUTHOR = {Friedman, Robert},
     TITLE = {Algebraic surfaces and holomorphic vector bundles},
    SERIES = {Universitext},
 PUBLISHER = {Springer-Verlag, New York},
      YEAR = {1998},
     PAGES = {x+328},
      ISBN = {0-387-98361-9},
   MRCLASS = {14J60 (14-01 14J15 32J15 57R55)},
  MRNUMBER = {1600388},
MRREVIEWER = {I.\ Dolgachev},
       DOI = {10.1007/978-1-4612-1688-9},
       URL = {https://doi.org/10.1007/978-1-4612-1688-9},
}

@book{Eisenbud95,
  title	       = {Commutative Algebra with a View Toward Algebraic Geometry},
  author       = {Eisenbud, David},
  series       = {Graduate Texts in Mathematics},
  volume       = {150},
  publisher    = {Springer-Verlag, Berlin},
  year	       = {1995},
  pages	       = {xviii+785},
  isbn	       = {3-540-94269-6; 3-540-94268-8},
}

@misc{Artin77,
  author       = {Artin, M.},
  title	       = {Coverings of the rational double points in characteristic p},
  year	       = {1977},
  language     = {English},
  howpublished = {Complex {Anal}. algebr. {Geom}., {Collect}. {Pap}. dedic. {K}. {Kodaira}, 11-22 (1977).},
  keywords     = {14E20,14G05,14G20,14B05},
  zbMATH       = {3557923},
  Zbl	       = {0358.14008}
}

@book{Yoshino90,
  author       = {Yoshino, Yuji},
  title	       = {Cohen-{Macaulay} modules over {Cohen}-{Macaulay} rings},
  fseries      = {London Mathematical Society Lecture Note Series},
  series       = {Lond. Math. Soc. Lect. Note Ser.},
  issn	       = {0076-0552},
  volume       = {146},
  isbn	       = {0-521-35694-6},
  year	       = {1990},
  publisher    = {Cambridge (UK): Cambridge University Press},
  language     = {English},
  keywords     = {13C14,13-02,13H10,16G70,16G50},
  zbMATH       = {44599},
  Zbl	       = {0745.13003}
}

@book{LW12,
  author       = {Leuschke, Graham J. and Wiegand, Roger},
  title	       = {Cohen-{Macaulay} representations},
  fseries      = {Mathematical Surveys and Monographs},
  series       = {Math. Surv. Monogr.},
  issn	       = {0076-5376},
  volume       = {181},
  isbn	       = {978-0-8218-7581-0},
  year	       = {2012},
  publisher    = {Providence, RI: American Mathematical Society (AMS)},
  language     = {English},
  keywords     = {13-02,13H10,14B05,14H20,14J17,16G70,13C14},
  zbMATH       = {6039453},
  Zbl	       = {1252.13001}
}

@article {SVdB97,
    AUTHOR = {Smith, Karen E. and Van den Bergh, Michel},
     TITLE = {Simplicity of rings of differential operators in prime characteristic},
   JOURNAL = {Proc. London Math. Soc. (3)},
  FJOURNAL = {Proceedings of the London Mathematical Society. Third Series},
    VOLUME = {75},
      YEAR = {1997},
    NUMBER = {1},
     PAGES = {32--62},
      ISSN = {0024-6115},
   MRCLASS = {16S32},
  MRNUMBER = {1444312},
MRREVIEWER = {Ian M. Musson},
       DOI = {10.1112/S0024611597000257},
       URL = {https://doi-org.proxy.lib.umich.edu/10.1112/S0024611597000257},
}

@article {TT08,
    AUTHOR = {Takagi, Shunsuke and Takahashi, Ryo},
     TITLE = {{$D$}-modules over rings with finite {$F$}-representation type},
   JOURNAL = {Math. Res. Lett.},
  FJOURNAL = {Mathematical Research Letters},
    VOLUME = {15},
      YEAR = {2008},
    NUMBER = {3},
     PAGES = {563--581},
      ISSN = {1073-2780},
   MRCLASS = {13A35 (13D45 13N10)},
  MRNUMBER = {2407232},
MRREVIEWER = {Manuel Blickle},
       DOI = {10.4310/MRL.2008.v15.n3.a15},
       URL = {https://doi-org.proxy.lib.umich.edu/10.4310/MRL.2008.v15.n3.a15},
}
